@article{art1,
	author =	"H. D. Caplener and J. A. Janku",
	title =		"Improved Modeling of Computer Hardware Systems",
	journal =	"Computer Design",
	volume =	12,
	pages =		"59--64",
	year =		1973}
